@ARTICLE{2016MNRAS.456.1359F,
       author = {{Fliri}, J{\"u}rgen and {Trujillo}, Ignacio},
        title = "{The IAC Stripe 82 Legacy Project: a wide-area survey for faint surface brightness astronomy}",
      journal = {Monthly Notices of the RAS},
     keywords = {atlases, catalogues, surveys, stars: general, galaxies: general, galaxies: interactions, Astrophysics - Astrophysics of Galaxies},
         year = 2016,
        month = feb,
       volume = {456},
       number = {2},
        pages = {1359-1373},
          doi = {10.1093/mnras/stv2686},
archivePrefix = {arXiv},
       eprint = {1603.04474},
 primaryClass = {astro-ph.GA},
       adsurl = {https://ui.adsabs.harvard.edu/abs/2016MNRAS.456.1359F},
      adsnote = {Provided by the SAO/NASA Astrophysics Data System}
}

@ARTICLE{2017yCat..74613663H,
       author = {{Hart}, R.~E. and {Bamford}, S.~P. and {Willett}, K.~W. and {Masters}, K.~L. and {Cardamone}, C. and {Lintott}, C.~J. and {Mackay}, R.~J. and {Nichol}, R.~C. and {Rosslowe}, C.~K. and {Simmons}, B.~D. and {Smethurst}, R.~J.},
        title = "{VizieR Online Data Catalog: Galaxy Zoo 2: new classification (Hart+, 2016)}",
      journal = {VizieR Online Data Catalog},
     keywords = {Surveys, Galaxies: photometry, Photometry: SDSS, Morphology},
         year = 2017,
        month = nov,
          eid = {J/MNRAS/461/3663},
        pages = {J/MNRAS/461/3663},
       adsurl = {https://ui.adsabs.harvard.edu/abs/2017yCat..74613663H},
      adsnote = {Provided by the SAO/NASA Astrophysics Data System}
}



@ARTICLE{2014ApJ...787...24B,
       author = {{Bizyaev}, D.~V. and {Kautsch}, S.~J. and {Mosenkov}, A.~V. and {Reshetnikov}, V.~P. and {Sotnikova}, N. Ya. and {Yablokova}, N.~V. and {Hillyer}, R.~W.},
        title = "{The Catalog of Edge-on Disk Galaxies from SDSS. I. The Catalog and the Structural Parameters of Stellar Disks}",
      journal = {Astrophysical Journal},
     keywords = {galaxies: fundamental parameters, galaxies: general, galaxies: photometry, galaxies: spiral, galaxies: structure, Astrophysics - Astrophysics of Galaxies},
         year = 2014,
        month = may,
       volume = {787},
       number = {1},
          eid = {24},
        pages = {24},
          doi = {10.1088/0004-637X/787/1/24},
archivePrefix = {arXiv},
       eprint = {1404.3072},
 primaryClass = {astro-ph.GA},
       adsurl = {https://ui.adsabs.harvard.edu/abs/2014ApJ...787...24B},
      adsnote = {Provided by the SAO/NASA Astrophysics Data System}
}

@ARTICLE{2019AJ....157..168D,
       author = {{Dey}, Arjun and {Schlegel}, David J. and {Lang}},
        title = "{Overview of the DESI Legacy Imaging Surveys}",
      journal = {Astronomical Journal},
     keywords = {catalogs, surveys, Astrophysics - Instrumentation and Methods for Astrophysics},
         year = 2019,
        month = may,
       volume = {157},
       number = {5},
          eid = {168},
        pages = {168},
          doi = {10.3847/1538-3881/ab089d},
archivePrefix = {arXiv},
       eprint = {1804.08657},
 primaryClass = {astro-ph.IM},
       adsurl = {https://ui.adsabs.harvard.edu/abs/2019AJ....157..168D},
      adsnote = {Provided by the SAO/NASA Astrophysics Data System}
}



@ARTICLE{2022PASJ...74..247A,
       author = {{Aihara}, Hiroaki and {AlSayyad}, Yusra and {Ando}, Makoto},
        title = "{Third data release of the Hyper Suprime-Cam Subaru Strategic Program}",
      journal = {Publications of the ASJ},
     keywords = {astronomical databases: miscellaneous, cosmology: observations, galaxies: general, surveys, Astrophysics - Instrumentation and Methods for Astrophysics, Astrophysics - Cosmology and Nongalactic Astrophysics, Astrophysics - Astrophysics of Galaxies},
         year = 2022,
        month = apr,
       volume = {74},
       number = {2},
        pages = {247-272},
          doi = {10.1093/pasj/psab122},
archivePrefix = {arXiv},
       eprint = {2108.13045},
 primaryClass = {astro-ph.IM},
       adsurl = {https://ui.adsabs.harvard.edu/abs/2022PASJ...74..247A},
      adsnote = {Provided by the SAO/NASA Astrophysics Data System}
}


@ARTICLE{1981A&A....95..105V,
       author = {{van der Kruit}, P.~C. and {Searle}, L.},
        title = "{Surface photometry of edge-on spiral galaxies. I - A model for the three-dimensional distribution of light in galactic disks.}",
      journal = {Astronomy and Astrophysics},
     keywords = {Astronomical Photometry, Galactic Structure, Spiral Galaxies, Star Distribution, Brightness, Isophotes, Milky Way Galaxy, Astrophysics},
         year = 1981,
        month = feb,
       volume = {95},
        pages = {105-115},
       adsurl = {https://ui.adsabs.harvard.edu/abs/1981A&A....95..105V},
      adsnote = {Provided by the SAO/NASA Astrophysics Data System}
}

@ARTICLE{1959HDP....53..275D,
       author = {{de Vaucouleurs}, Gerard},
        title = "{Classification and Morphology of External Galaxies.}",
      journal = {Handbuch der Physik},
         year = 1959,
        month = jan,
       volume = {53},
        pages = {275},
          doi = {10.1007/978-3-642-45932-0\_7},
       adsurl = {https://ui.adsabs.harvard.edu/abs/1959HDP....53..275D},
      adsnote = {Provided by the SAO/NASA Astrophysics Data System}
}

@ARTICLE{1940BHarO.914....9P,
       author = {{Patterson}, F. Shirley},
        title = "{The Luminosity Gradient of Messier 33}",
      journal = {Harvard College Observatory Bulletin},
         year = 1940,
        month = dec,
       volume = {914},
        pages = {9-10},
       adsurl = {https://ui.adsabs.harvard.edu/abs/1940BHarO.914....9P},
      adsnote = {Provided by the SAO/NASA Astrophysics Data System}
}
@ARTICLE{1988A&A...192..117V,
       author = {{van der Kruit}, P.~C.},
        title = "{The three-dimensional distribution of light and mass in disks of spiral galaxies.}",
      journal = {Astronomy and Astrophysics},
     keywords = {Gas Dynamics, Mass To Light Ratios, Spiral Galaxies, Star Distribution, Astronomical Models, Density Distribution, Mass Distribution, Radial Velocity, Velocity Distribution, Vertical Distribution, Astrophysics},
         year = 1988,
        month = mar,
       volume = {192},
        pages = {117-127},
       adsurl = {https://ui.adsabs.harvard.edu/abs/1988A&A...192..117V},
      adsnote = {Provided by the SAO/NASA Astrophysics Data System}
}

@article{Erwin_2015,
	doi = {10.1088/0004-637x/799/2/226},
  
	url = {https://doi.org/10.1088%2F0004-637x%2F799%2F2%2F226},
  
	year = 2015,
	month = {jan},
  
	publisher = {American Astronomical Society},
  
	volume = {799},
  
	number = {2},
  
	pages = {226},
  
	author = {Peter Erwin},
  
	title = {{IMFIT}: A {FAST},
   {FLEXIBLE} {NEW} {PROGRAM} {FOR} {ASTRONOMICAL} {IMAGE} {FITTING}
},
  
	journal = {The Astrophysical Journal}
}

@ARTICLE{2010ApJ...721.1014M,
       author = {{MacLeod}, C.~L. and {Ivezi{\'c}}, {\v{Z}}. and {Kochanek}, C.~S. and {Koz{\l}owski}, S. and {Kelly}, B. and {Bullock}, E. and {Kimball}, A. and {Sesar}, B. and {Westman}, D. and {Brooks}, K. and {Gibson}, R. and {Becker}, A.~C. and {de Vries}, W.~H.},
        title = "{Modeling the Time Variability of SDSS Stripe 82 Quasars as a Damped Random Walk}",
      journal = {Astrophysical Journal},
     keywords = {quasars: general, Astrophysics - Cosmology and Extragalactic Astrophysics},
         year = 2010,
        month = oct,
       volume = {721},
       number = {2},
        pages = {1014-1033},
          doi = {10.1088/0004-637X/721/2/1014},
archivePrefix = {arXiv},
       eprint = {1004.0276},
 primaryClass = {astro-ph.CO},
       adsurl = {https://ui.adsabs.harvard.edu/abs/2010ApJ...721.1014M},
      adsnote = {Provided by the SAO/NASA Astrophysics Data System}
}

@ARTICLE{2015ApJ...800..144L,
       author = {{LaMassa}, Stephanie M. and {Cales}, Sabrina and {Moran}, Edward C. and {Myers}, Adam D. and {Richards}, Gordon T. and {Eracleous}, Michael and {Heckman}, Timothy M. and {Gallo}, Luigi and {Urry}, C. Megan},
        title = "{The Discovery of the First {\textquotedblleft}Changing Look{\textquotedblright} Quasar: New Insights Into the Physics and Phenomenology of Active Galactic Nucleus}",
      journal = {Astrophysical Journal},
     keywords = {accretion, accretion disks, line: profiles, quasars: emission lines, quasars: general, quasars: individual: SDSS J015957.64+003310.5, quasars: supermassive black holes, Astrophysics - Astrophysics of Galaxies},
         year = 2015,
        month = feb,
       volume = {800},
       number = {2},
          eid = {144},
        pages = {144},
          doi = {10.1088/0004-637X/800/2/144},
archivePrefix = {arXiv},
       eprint = {1412.2136},
 primaryClass = {astro-ph.GA},
       adsurl = {https://ui.adsabs.harvard.edu/abs/2015ApJ...800..144L},
      adsnote = {Provided by the SAO/NASA Astrophysics Data System}
}

@ARTICLE{2011A&A...530A.122P,
       author = {{Palanque-Delabrouille}, N. and {Yeche}, Ch. and {Myers}, A.~D. and {Petitjean}, P. and {Ross}, N.~P. and {Sheldon}, E. and {Aubourg}, E. and {Delubac}, T. and {Le Goff}, J. -M. and {P{\^a}ris}, I. and {Rich}, J. and {Dawson}, K.~S. and {Schneider}, D.~P. and {Weaver}, B.~A.},
        title = "{Variability selected high-redshift quasars on SDSS Stripe 82}",
      journal = {Astronomy and Astrophysics},
     keywords = {quasars: general, Astrophysics - Cosmology and Nongalactic Astrophysics},
         year = 2011,
        month = jun,
       volume = {530},
          eid = {A122},
        pages = {A122},
          doi = {10.1051/0004-6361/201016254},
archivePrefix = {arXiv},
       eprint = {1012.2391},
 primaryClass = {astro-ph.CO},
       adsurl = {https://ui.adsabs.harvard.edu/abs/2011A&A...530A.122P},
      adsnote = {Provided by the SAO/NASA Astrophysics Data System}
}

@ARTICLE{2011RAA....11..309J,
       author = {{Jiang}, Fang-Zhou and {Huang}, Song and {Gu}, Qiu-Sheng},
        title = "{Surface photometry and radial color gradients of nearby luminous early-type galaxies in SDSS Stripe 82}",
      journal = {Research in Astronomy and Astrophysics},
     keywords = {Astrophysics - Cosmology and Nongalactic Astrophysics},
         year = 2011,
        month = mar,
       volume = {11},
       number = {3},
        pages = {309-326},
          doi = {10.1088/1674-4527/11/3/005},
archivePrefix = {arXiv},
       eprint = {1009.2562},
 primaryClass = {astro-ph.CO},
       adsurl = {https://ui.adsabs.harvard.edu/abs/2011RAA....11..309J},
      adsnote = {Provided by the SAO/NASA Astrophysics Data System}
}

@ARTICLE{2021ApJ...923..205Y,
       author = {{Yesuf}, Hassen M. and {Ho}, Luis C. and {Faber}, S.~M.},
        title = "{What is Important? Morphological Asymmetries are Useful Predictors of Star Formation Rates of Star-forming Galaxies in SDSS Stripe 82}",
      journal = {Astrophysical Journal},
     keywords = {1569, 622, 578, 864, 1559, 600, 608, Astrophysics - Astrophysics of Galaxies},
         year = 2021,
        month = dec,
       volume = {923},
       number = {2},
          eid = {205},
        pages = {205},
          doi = {10.3847/1538-4357/ac27a7},
archivePrefix = {arXiv},
       eprint = {2109.08882},
 primaryClass = {astro-ph.GA},
       adsurl = {https://ui.adsabs.harvard.edu/abs/2021ApJ...923..205Y},
      adsnote = {Provided by the SAO/NASA Astrophysics Data System}
}

@ARTICLE{2019A&A...629A..12M,
       author = {{Mart{\'\i}nez-Lombilla}, C. and {Knapen}, J.~H.},
        title = "{Properties of extragalactic thick discs recovered from ultra-deep Stripe82 imaging}",
      journal = {Astronomy and Astrophysics},
     keywords = {galaxies: formation, galaxies: evolution, galaxies: structure, methods: observational, methods: data analysis, techniques: image processing, Astrophysics - Astrophysics of Galaxies},
         year = 2019,
        month = sep,
       volume = {629},
          eid = {A12},
        pages = {A12},
          doi = {10.1051/0004-6361/201935464},
archivePrefix = {arXiv},
       eprint = {1907.02995},
 primaryClass = {astro-ph.GA},
       adsurl = {https://ui.adsabs.harvard.edu/abs/2019A&A...629A..12M},
      adsnote = {Provided by the SAO/NASA Astrophysics Data System}
}


@INPROCEEDINGS{2003ASPC..295..489J,
       author = {{Joye}, W.~A. and {Mandel}, E.},
        title = "{New Features of SAOImage DS9}",
    booktitle = {Astronomical Data Analysis Software and Systems XII},
         year = 2003,
       editor = {{Payne}, H.~E. and {Jedrzejewski}, R.~I. and {Hook}, R.~N.},
       series = {Astronomical Society of the Pacific Conference Series},
       volume = {295},
        month = jan,
        pages = {489},
       adsurl = {https://ui.adsabs.harvard.edu/abs/2003ASPC..295..489J},
      adsnote = {Provided by the SAO/NASA Astrophysics Data System}
}

@ARTICLE{2017MNRAS.465.3784B,
       author = {{Bizyaev}, D.~V. and {Kautsch}, S.~J. and {Sotnikova}, N. Ya. and {Reshetnikov}, V.~P. and {Mosenkov}, A.~V.},
        title = "{Very thin disc galaxies in the SDSS catalogue of edge-on galaxies}",
      journal = {Monthly Notices of the RAS},
     keywords = {galaxies: evolution, galaxies: haloes, galaxies: spiral, galaxies: structure, Astrophysics - Astrophysics of Galaxies, Astrophysics - Cosmology and Nongalactic Astrophysics},
         year = 2017,
        month = mar,
       volume = {465},
       number = {4},
        pages = {3784-3792},
          doi = {10.1093/mnras/stw2972},
archivePrefix = {arXiv},
       eprint = {1612.01042},
 primaryClass = {astro-ph.GA},
       adsurl = {https://ui.adsabs.harvard.edu/abs/2017MNRAS.465.3784B},
      adsnote = {Provided by the SAO/NASA Astrophysics Data System}
}


@article{van_der_Kruit_2011,
	doi = {10.1146/annurev-astro-083109-153241},
  
	url = {https://doi.org/10.1146%2Fannurev-astro-083109-153241},
  
	year = 2011,
	month = {sep},
  
	publisher = {Annual Reviews},
  
	volume = {49},
  
	number = {1},
  
	pages = {301--371},
  
	author = {P.C. van der Kruit and K.C. Freeman},
  
	title = {Galaxy Disks},
  
	journal = {Annual Review of Astronomy and Astrophysics}
}

@ARTICLE{2020MNRAS.497.2039M,
       author = {{Mosenkov}, Aleksandr V. and {Smirnov}, Anton A. and {Sil'chenko}, Olga K. and {Rich}, R. Michael and {Reshetnikov}, Vladimir P. and {Kormendy}, John},
        title = "{Tilted outer and inner structures in edge-on galaxies?}",
      journal = {Monthly Notices of the RAS},
     keywords = {galaxies: evolution, galaxies: formation, galaxies: haloes, galaxies: interactions, galaxies: photometry, galaxies: structure, Astrophysics - Astrophysics of Galaxies},
         year = 2020,
        month = sep,
       volume = {497},
       number = {2},
        pages = {2039-2056},
          doi = {10.1093/mnras/staa1885},
archivePrefix = {arXiv},
       eprint = {2006.14896},
 primaryClass = {astro-ph.GA},
       adsurl = {https://ui.adsabs.harvard.edu/abs/2020MNRAS.497.2039M},
      adsnote = {Provided by the SAO/NASA Astrophysics Data System}
}

@ARTICLE{2019MNRAS.483.1470R,
       author = {{Reshetnikov}, Vladimir P. and {Mosenkov}, Aleksandr V.},
        title = "{New candidates to polar-ring galaxies from the Sloan Digital Sky Survey}",
      journal = {Monthly Notices of the RAS},
     keywords = {galaxies: interactions, galaxies: peculiar, galaxies: statistics, Astrophysics - Astrophysics of Galaxies},
         year = 2019,
        month = feb,
       volume = {483},
       number = {2},
        pages = {1470-1480},
          doi = {10.1093/mnras/sty3209},
archivePrefix = {arXiv},
       eprint = {1811.10222},
 primaryClass = {astro-ph.GA},
       adsurl = {https://ui.adsabs.harvard.edu/abs/2019MNRAS.483.1470R},
      adsnote = {Provided by the SAO/NASA Astrophysics Data System}
}


@ARTICLE{2015ApJ...799..226E,
       author = {{Erwin}, Peter},
        title = "{IMFIT: A Fast, Flexible New Program for Astronomical Image Fitting}",
      journal = {Astrophysical Journal},
     keywords = {galaxies: bulges, galaxies: photometry, galaxies: structure, methods: data analysis, techniques: image processing, techniques: photometric, Astrophysics - Instrumentation and Methods for Astrophysics, Astrophysics - Astrophysics of Galaxies},
         year = 2015,
        month = feb,
       volume = {799},
       number = {2},
          eid = {226},
        pages = {226},
          doi = {10.1088/0004-637X/799/2/226},
archivePrefix = {arXiv},
       eprint = {1408.1097},
 primaryClass = {astro-ph.IM},
       adsurl = {https://ui.adsabs.harvard.edu/abs/2015ApJ...799..226E},
      adsnote = {Provided by the SAO/NASA Astrophysics Data System}
}

@ARTICLE{2002MNRAS.334..646K,
       author = {{Kregel}, Michiel and {van der Kruit}, Pieter C. and {de Grijs}, Richard},
        title = "{Flattening and truncation of stellar discs in edge-on spiral galaxies}",
      journal = {Monthly Notices of the RAS},
     keywords = {galaxies: fundamental parameters, galaxies: photometry, galaxies: spiral, galaxies: stellar content, galaxies: structure, Astrophysics},
         year = 2002,
        month = aug,
       volume = {334},
       number = {3},
        pages = {646-668},
          doi = {10.1046/j.1365-8711.2002.05556.x},
archivePrefix = {arXiv},
       eprint = {astro-ph/0204154},
 primaryClass = {astro-ph},
       adsurl = {https://ui.adsabs.harvard.edu/abs/2002MNRAS.334..646K},
      adsnote = {Provided by the SAO/NASA Astrophysics Data System}
}

@ARTICLE{2010MNRAS.401..559M,
       author = {{Mosenkov}, A.~V. and {Sotnikova}, N. Ya. and {Reshetnikov}, V.~P.},
        title = "{2MASS photometry of edge-on spiral galaxies - I. Sample and general results}",
      journal = {Monthly Notices of the RAS},
     keywords = {galaxies: fundamental parameters, galaxies: general, galaxies: photometry, galaxies: spiral, infrared: galaxies, Astrophysics - Cosmology and Nongalactic Astrophysics},
         year = 2010,
        month = jan,
       volume = {401},
       number = {1},
        pages = {559-576},
          doi = {10.1111/j.1365-2966.2009.15671.x},
archivePrefix = {arXiv},
       eprint = {0909.1263},
 primaryClass = {astro-ph.CO},
       adsurl = {https://ui.adsabs.harvard.edu/abs/2010MNRAS.401..559M},
      adsnote = {Provided by the SAO/NASA Astrophysics Data System}
}

@ARTICLE{1997A&A...324...80R,
       author = {{Reshetnikov}, V. and {Combes}, F.},
        title = "{Tidally-triggered disk thickening. II. Results and interpretations.}",
      journal = {Astronomy and Astrophysics},
     keywords = {GALAXIES: EVOLUTION, GENERAL, INTERACTIONS, PHOTOMETRY, PECULIAR, SPIRAL, Astrophysics},
         year = 1997,
        month = aug,
       volume = {324},
        pages = {80-90},
archivePrefix = {arXiv},
       eprint = {astro-ph/9702023},
 primaryClass = {astro-ph},
       adsurl = {https://ui.adsabs.harvard.edu/abs/1997A&A...324...80R},
      adsnote = {Provided by the SAO/NASA Astrophysics Data System}
}
@ARTICLE{1992ApJ...389....5T,
       author = {{Toth}, G. and {Ostriker}, J.~P.},
        title = "{Galactic Disks, Infall, and the Global Value of Omega}",
      journal = {Astrophysical Journal},
     keywords = {Astronomical Models, Cosmology, Galactic Structure, Milky Way Galaxy, Spiral Galaxies, Accretion Disks, Circular Orbits, Dark Matter, Galactic Evolution, Halos, Astrophysics, COSMOLOGY: OBSERVATIONS, GALAXIES: KINEMATICS AND DYNAMICS, GALAXY: STRUCTURE},
         year = 1992,
        month = apr,
       volume = {389},
        pages = {5},
          doi = {10.1086/171185},
       adsurl = {https://ui.adsabs.harvard.edu/abs/1992ApJ...389....5T},
      adsnote = {Provided by the SAO/NASA Astrophysics Data System}
}

@ARTICLE{1979ApJ...231..680T,
       author = {{Thuan}, T.~X. and {Seitzer}, P.~O.},
        title = "{An H I survey of Nilson dwarf galaxies. II. Statistical properties.}",
      journal = {Astrophysical Journal},
     keywords = {Galactic Structure, Hydrogen Atoms, Line Spectra, Microwave Spectra, Radio Sources (Astronomy), Statistical Analysis, Density Distribution, Luminosity, Radio Astronomy, Space Density, Tables (Data), Astrophysics, Dwarf Galaxies:Neutral Hydrogen, Dwarf Galaxies:Statistics, Dwarf Galaxies:Surveys},
         year = 1979,
        month = aug,
       volume = {231},
        pages = {680-687},
          doi = {10.1086/157232},
       adsurl = {https://ui.adsabs.harvard.edu/abs/1979ApJ...231..680T},
      adsnote = {Provided by the SAO/NASA Astrophysics Data System}
}




